 @misc{pololu_robotics_&amp;electronics, title={Pololu - power HD high-torque Servo 1501MG}, url={https://www.pololu.com/product/1057/}, journal={Pololu Robotics &amp; Electronics}} 

%VOORLOPIG TEST
 @misc{wiki:Cooley–Tukey_FFT_algorithm,
   author = "Wikipedia",
   title = "{Cooley–Tukey FFT algorithm} --- {W}ikipedia{,} The Free Encyclopedia",
   year = "2022",
   howpublished = {\url{http://en.wikipedia.org/w/index.php?title=Cooley\%E2\%80\%93Tukey\%20FFT\%20algorithm&oldid=1122438390}},
   note = "[Online; accessed 09-December-2022]"
 }

@misc{brandveiligheid, title={Brandveiligheid in gebouwen en hoe normen Daarbij helpen}, url={https://website.nbn.be/themas/brandveiligheid}, journal={in gebouwen en hoe normen daarbij helpen}} 
@misc{wikipedia_2023, title={Projectile motion}, howpublished={https://en.wikipedia.org/wiki/Projectile_motion}, journal={Wikipedia}, publisher={Wikimedia Foundation}, year={2023},month={Mar}}

@misc{ni,title={NI-support}, howpublished ={https://www.ni.com/nl-be/support}, journal={NI}} 
